<?xml version="1.0" encoding="UTF-8"?><collection xmlns="http://www.loc.gov/MARC21/slim"><record><leader>00497nam--2200169-i-4500</leader><controlfield tag="001">000008783</controlfield><controlfield tag="002">20161230</controlfield><controlfield tag="005">20161230201027</controlfield><controlfield tag="008">060222s1000------------r-----000-0-eng-d</controlfield><datafield ind1=" " ind2=" " tag="080"><subfield code="a">533.9:54</subfield></datafield><datafield ind1="1" ind2=" " tag="100"><subfield code="a">Baddour, Raymond F</subfield></datafield><datafield ind1="1" ind2="0" tag="245"><subfield code="a">The Applications of Plasmas to Chemical Processing</subfield><subfield code="c">RAYMOND F. BADDOUR, ROBERT S. TIMMINS (Eds.)</subfield></datafield><datafield ind1=" " ind2=" " tag="260"><subfield code="a">Oxford, Pergamon Press, 1967</subfield></datafield><datafield ind1=" " ind2=" " tag="300"><subfield code="a">XVII + 206 P</subfield></datafield><datafield ind1=" " ind2=" " tag="700"><subfield code="a">Timmins, Robert S</subfield></datafield><datafield ind1=" " ind2=" " tag="852"><subfield code="a">30270</subfield><subfield code="c">533.9</subfield></datafield><datafield ind1=" " ind2=" " tag="CAT"><subfield code="a">Sys</subfield><subfield code="c">20100923</subfield><subfield code="h">103317</subfield></datafield></record></collection>